@book{alfredo2005ingenieria,
  title={Ingenier{\'\i}a de software orientada a objetos con UML, JAVA e INTERNET},
  author={Alfredo, Weitzenfeld},
  journal={Thomson Editors SA},
  year={2005}
}