%% LaTeX2e file `6.bib'
%% generated by the `filecontents' environment
%% from source `6' on 2015/02/12.
%%
@misc{A01,
  author = {Author, A.},
  year = {2001},
  title = {Alpha},
}
